% Encoding: UTF-8

@Article{10x12,
  author  = {Edward W. Kozdrowicki and Dennis W. Cooper},
  title   = {COKO III: the Cooper-Koz chess program},
  journal = {Commun. ACM},
  year    = {1973},
  volume  = {16},
}

@Misc{bitboard,
  title        = {Bitboard},
  journal      = {Chessprogramming.org},
  howpublished = {\url{https://www.chessprogramming.org/Bitboard_Board-Definition}},
  note         = {Accessed: 2020-09-18},
}

@Misc{enpassant,
  title        = {FIDE - LAWS of CHESS},
  journal      = {Fédération Internationale des Échecs},
  howpublished = {\url{https://www.fide.com/FIDE/handbook/LawsOfChess.pdf}},
  note         = {Accessed: 2020-09-18},
}

@Misc{alphabeta,
  title        = {Alpha-Beta Pruning},
  journal      = {Chessprogramming.org},
  howpublished = {\url{https://www.chessprogramming.org/Alpha-Beta}},
  note         = {Accessed: 2020-09-18},
}

@Misc{shannon_number,
  title        = {Shannon Number},
  journal      = {Wikipedia.org},
  howpublished = {\url{https://en.wikipedia.org/wiki/Shannon_number}},
  note         = {Accessed: 2020-09-26},
}

@Comment{jabref-meta: databaseType:bibtex;}
